@article{KLevenberg_1944,
   author = {K. Levenberg},
   title = {A Method for the Solution of Certain Problems in Least Squares},
   journal = {Quart. Appl. Math.},
   volume = {2},
   pages = {164--168},
   year = {1944}
}

@article{DMarquardt_1963,
   author = {D. Marquardt},
   title = {An Algorithm for Least-Squares Estimation of Nonlinear Parameters},
   journal = {SIAM J. Appl. Math.},
   volume = {11},
   pages = {431--441},
   year = {1963}
}

@incollection{JJMore_1977,
   author = {J. J. Mor\'e},
   title = {The {Levenberg-Marquardt} algorithm: implementations and theory},
   editor = {G. A. Watson},
   publisher = {Springer-Verlag},
   booktitle = {Lecture Notes in Math.},
   volume = {360},
   address = {Berlin},
   pages = {105--116},
   year = {1977}
}

@article{ SBellavia_SGratton_ERiccietti_2018,
	title = {A {L}evenberg-{M}arquardt method for large nonlinear least-squares problems with dynamic accuracy in functions and gradients},
	author = {S. Bellavia and S. Gratton and E. Riccietti},
	journal = {Numer. Math.},
	volume = {140},
	pages = {791--824},
	year = {2018}
}

@article{ EBergou_YDiouane_VKungurtsev_2020,
	title = {Convergence and Iteration Complexity Analysis of a {L}evenberg-{M}arquardt Algorithm for Inverse Problems},
	author = {E. Bergou and Y. Diouane and V. Kungurtsev},
	journal = jota,
	volume = {185},
	pages = {927--944},
	year = {2020}
}

@unpublished{ EBergou_YDiouane_VKungurtsev_CWRoyer_2018,
	title = {A Stochastic {L}evenberg-{M}arquardt Method Using Random Models with Application to Data Assimilation},
	author = {E. Bergou and Y. Diouane and V. Kungurtsev and C. W. {Royer}},
	note = {arXiv:1807.02176v1},
	year = {2018}
}

@article{ EBergou_SGratton_LNVicente_2016,
	title = { Levenberg-{M}arquardt methods based on probabilistic gradient models and inexact subproblem solution, with application to data assimilation},
	author = { E. Bergou and S. Gratton and L. N. {Vicente}},
	journal = {{SIAM/ASA} J. Uncertain. Quantif.},
	volume = {4},
	pages = {924-951},
	year = {2016}
}